@ARTICLE{new_method1,
  author = {Peter J. Hampton, Student Member, IEEE, Pan Agathoklis, Senior Member, IEEE, and Colin Bradley},
  title = {A New Wave-Front Reconstruction Method for
Adaptive Optics Systems Using Wavelets},
  year = {2008},
  journal = {IEEE JOURNAL OF SELECTED TOPICS IN SIGNAL PROCESSING}
}

@ARTICLE{new_method2,
  author = {Ioana S. Sevcenco, Peter J. Hampton,
Panajotis Agathoklis},
  title = {A wavelet based method for image reconstruction from
gradient data with applications},
  year = {2013},
  journal = {Springer Science+Business Media New York}
}

@ARTICLE{how,
author = {L. A. Poyneer, D. T. Gavel, and J. M. Brase},
  title = {Fast wavefront recon-
struction in large adaptive optics systems with the Fourier transform},
  year = {2002},
  journal = {J. Opt. Soc. Amer. A}
}

